@article{goertz1954mechanical,
  title={Mechanical master-slave manipulator},
  author={Goertz, Raymond C},
  journal={Nucleonics (US) Ceased publication},
  volume={12},
  year={1954},
  publisher={Argonne National Lab., Lemont, Ill.}
}

@book{Siciliano2016Springer,
 author = {Siciliano, Bruno and Khatib, Oussama},
 title = {Springer Handbook of Robotics},
 year = {2016},
 isbn = {3319325507, 9783319325507},
 edition = {2nd},
 publisher = {Springer Publishing Company, Incorporated},
} 

@article{lichiardopol2007survey,
  title={A survey on teleoperation},
  author={Lichiardopol, S},
  journal={Technische Universitat Eindhoven, DCT report},
  year={2007}
}

@article{steuer1992defining,
  title={Defining virtual reality: Dimensions determining telepresence},
  author={Steuer, Jonathan},
  journal={Journal of communication},
  volume={42},
  number={4},
  pages={73--93},
  year={1992},
  publisher={Wiley Online Library}
}

@inproceedings{varkonyi2014survey,
  title={Survey on the control of time delay teleoperation systems},
  author={Varkonyi, Terez A and Rudas, Imre J and Pausits, Peter and Haidegger, Tamas},
  booktitle={Intelligent Engineering Systems (INES), 2014 18th International Conference on},
  pages={89--94},
  year={2014},
  organization={IEEE}
}

@article{teng2010customization,
  title={Customization, immersion satisfaction, and online gamer loyalty},
  author={Teng, Ching-I},
  journal={Computers in Human Behavior},
  volume={26},
  number={6},
  pages={1547--1554},
  year={2010},
  publisher={Elsevier}
}
@article{stanney1998aftereffects,
  title={Aftereffects and sense of presence in virtual environments: Formulation of a research and development agenda},
  author={Stanney, Kay and Salvendy, Gavriel},
  journal={International Journal of Human-Computer Interaction},
  volume={10},
  number={2},
  pages={135--187},
  year={1998},
  publisher={Taylor \& Francis}
}

@techreport{witmer1994measuring,
  title={Measuring immersion in virtual environments},
  author={Witmer, Bob G and Singer, Michael J},
  year={1994},
  institution={Tech. Rep. 1014, US Army Research Institute for the Behavioral and Social Sciences}
}
@article{riley2004situation,
  title={Situation awareness and attention allocation measures for quantifying telepresence experiences in teleoperation},
  author={Riley, Jennifer M and Kaber, David B and Draper, John V},
  journal={Human Factors and Ergonomics in Manufacturing \& Service Industries},
  volume={14},
  number={1},
  pages={51--67},
  year={2004},
  publisher={Wiley Online Library}
}

@article{lombard2000concept,
  title={The concept of presence: Explication statement},
  author={Lombard, Matthew},
  journal={Available from International Society for Presence Research Web site: http://www. temple. edu/ispr/index. htm},
  year={2000}
}
@inproceedings{biocca2001networked,
  title={The networked minds measure of social presence: Pilot test of the factor structure and concurrent validity},
  author={Biocca, Frank and Harms, Chad and Gregg, Jenn},
  booktitle={4th annual international workshop on presence, Philadelphia, PA},
  pages={1--9},
  year={2001}
}
@article{lessiter2001cross,
  title={A cross-media presence questionnaire: The ITC-Sense of Presence Inventory},
  author={Lessiter, Jane and Freeman, Jonathan and Keogh, Edmund and Davidoff, Jules},
  journal={Presence: Teleoperators and virtual environments},
  volume={10},
  number={3},
  pages={282--297},
  year={2001},
  publisher={MIT Press}
}
@inproceedings{lombard2004literature,
  title={A literature-based presence measurement instrument the temple presence inventory (tpi)(beta)},
  author={Lombard, M and Ditton, T},
  booktitle={The seventh international workshop on presence (PRESENCE2004)},
  year={2004}
}
@article{kendon1990spatial,
  title={Spatial Organization in Social Encounters: the F-formation System. A. Kendon, Ed},
  author={Kendon, Adam},
  journal={Conducting interaction: Patterns of behavior in focused encounters},
  pages={209--237},
  year={1990}
}
@inproceedings{marshall2011using,
  title={Using F-formations to analyse spatial patterns of interaction in physical environments},
  author={Marshall, Paul and Rogers, Yvonne and Pantidi, Nadia},
  booktitle={Proceedings of the ACM 2011 conference on Computer supported cooperative work},
  pages={445--454},
  year={2011},
  organization={ACM}
}
@article{kristoffersson2013towards,
  title={Towards measuring quality of interaction in mobile robotic telepresence using sociometric badges},
  author={Kristoffersson, Annica and Coradeschi, Silvia and Eklundh, Kerstin Severinson and Loutfi, Amy},
  journal={Paladyn, Journal of Behavioral Robotics},
  volume={4},
  number={1},
  pages={34--48},
  year={2013}
}
@inproceedings{lombard2009measuring,
  title={Measuring presence: the temple presence inventory},
  author={Lombard, Matthew and Ditton, Theresa B and Weinstein, Lisa},
  booktitle={Proceedings of the 12th Annual International Workshop on Presence},
  pages={1--15},
  year={2009}
}
@article{kendon1990spatial,
  title={Spatial Organization in Social Encounters: the F-formation System. A. Kendon, Ed},
  author={Kendon, Adam},
  journal={Conducting interaction: Patterns of behavior in focused encounters},
  pages={209--237},
  year={1990}
}
@inproceedings{marshall2011using,
  title={Using F-formations to analyse spatial patterns of interaction in physical environments},
  author={Marshall, Paul and Rogers, Yvonne and Pantidi, Nadia},
  booktitle={Proceedings of the ACM 2011 conference on Computer supported cooperative work},
  pages={445--454},
  year={2011},
  organization={ACM}
}
@article{kristoffersson2013towards,
  title={Towards measuring quality of interaction in mobile robotic telepresence using sociometric badges},
  author={Kristoffersson, Annica and Coradeschi, Silvia and Eklundh, Kerstin Severinson and Loutfi, Amy},
  journal={Paladyn, Journal of Behavioral Robotics},
  volume={4},
  number={1},
  pages={34--48},
  year={2013}
}
@article{sheridan1992musings,
  title={Musings on telepresence and virtual presence},
  author={Sheridan, Thomas B},
  journal={Presence: Teleoperators \& Virtual Environments},
  volume={1},
  number={1},
  pages={120--126},
  year={1992},
  publisher={MIT Press}
}

@article{sheridan1989telerobotics,
  title={Telerobotics},
  author={Sheridan, Thomas B},
  journal={Automatica},
  volume={25},
  number={4},
  pages={487--507},
  year={1989},
  publisher={Elsevier}
}

@article{sheridan1993space,
  title={Space teleoperation through time delay: Review and prognosis},
  author={Sheridan, Thomas B},
  journal={IEEE Transactions on robotics and Automation},
  volume={9},
  number={5},
  pages={592--606},
  year={1993},
  publisher={IEEE}
}

@article{slater1997framework,
  title={A framework for immersive virtual environments (FIVE): Speculations on the role of presence in virtual environments},
  author={Slater, Mel and Wilbur, Sylvia},
  journal={Presence: Teleoperators and virtual environments},
  volume={6},
  number={6},
  pages={603--616},
  year={1997},
  publisher={MIT Press}
}
@article{barfield1993sense,
  title={The sense of presence within virtual environments: A conceptual framework},
  author={Barfield, Woodrow and Weghorst, Suzanne},
  journal={Advances in Human Factors Ergonomics},
  volume={19},
  pages={699--699},
  year={1993}
}
@inproceedings{prothero1995towards,
  title={Towards a robust, quantitative measure for presence},
  author={Prothero, Jerrold D and Parker, Donald E and Furness, T and Wells, M},
  booktitle={Proceedings of the conference on Experimental Analysis and Measurement of Situation Awareness},
  pages={359--366},
  year={1995}
}
@article{draper1998telepresence,
  title={Telepresence},
  author={Draper, John V and Kaber, David B and Usher, John M},
  journal={Human factors},
  volume={40},
  number={3},
  pages={354--375},
  year={1998},
  publisher={SAGE Publications Sage CA: Los Angeles, CA}
}
@article{nichols2000measurement,
  title={Measurement of presence and its consequences in virtual environments},
  author={Nichols, Sarah and Haldane, Clovissa and Wilson, John R},
  journal={International Journal of Human-Computer Studies},
  volume={52},
  number={3},
  pages={471--491},
  year={2000},
  publisher={Elsevier}
}

@article{Park2006,
  doi = {10.1177/0278364906065385},
  url = {https://doi.org/10.1177/0278364906065385},
  year  = {2006},
  month = {may},
  publisher = {{SAGE} Publications},
  volume = {25},
  number = {5-6},
  pages = {575--591},
  author = {Jaeheung Park and Oussama Khatib},
  title = {A Haptic Teleoperation Approach Based on Contact Force Control},
  journal = {The International Journal of Robotics Research}
}

@article{Owada2017,
author = {Owada, Sho and Tsumaki, Yuichi},
isbn = {9781509067596},
keywords = {Humanoid robot,Index Termsâ€”Teleoperation,RHI,Telexistance},
pages = {1602--1607},
title = {{Direction Consistent Approach for Telepresence System with Miniature Humanoid Robot}},
year = {2017}
}

@book{dragan2012formalizing,
  title={Formalizing assistive teleoperation},
  author={Dragan, Anca D and Srinivasa, Siddhartha S},
  year={2012},
  publisher={MIT Press, July}
}
@inproceedings{steinfeld2006common,
  title={Common metrics for human-robot interaction},
  author={Steinfeld, Aaron and Fong, Terrence and Kaber, David and Lewis, Michael and Scholtz, Jean and Schultz, Alan and Goodrich, Michael},
  booktitle={Proceedings of the 1st ACM SIGCHI/SIGART conference on Human-robot interaction},
  pages={33--40},
  year={2006},
  organization={ACM}
}
@inproceedings{ralston1998numbat,
  title={The Numbat: A remotely controlled mine emergency response vehicle},
  author={Ralston, Jonathon C and Hainsworth, David W},
  booktitle={Field and Service Robotics},
  pages={53--59},
  year={1998},
  organization={Springer}
}
@inproceedings{you2012assisted,
  title={Assisted teleoperation strategies for aggressively controlling a robot arm with 2d input},
  author={You, Erkang and Hauser, Kris},
  booktitle={Robotics: science and systems},
  volume={7},
  pages={354},
  year={2012}
}

@article{Gaemperle2015,
author = {Gaemperle, Luis and Seyid, Kerem and Popovic, Vladan and Leblebici, Yusuf},
doi = {10.1109/ISM.2014.62},
isbn = {9781479943111},
journal = {Proceedings - 2014 IEEE International Symposium on Multimedia, ISM 2014},
keywords = {Head-Mounted Display,Omnidirectional Video,Real-Time,Streaming,Telepresence},
pages = {175--178},
title = {{An immersive telepresence system using a real-time omnidirectional camera and a virtual reality head-mounted display}},
year = {2015}
}
@inproceedings{park1995augmented,
  title={Augmented reality for mining teleoperation},
  author={Park, Andrew J and Kazman, Rick N},
  booktitle={Telemanipulator and Telepresence Technologies},
  volume={2351},
  pages={119--130},
  year={1995},
  organization={International Society for Optics and Photonics}
}
@article{ralston2001recent,
  title={Recent advances in remote coal mining machine sensing, guidance, and teleoperation},
  author={Ralston, Jonathon C and Hainsworth, David W and Reid, David C and Anderson, DL and McPhee, Ronald J},
  journal={Robotica},
  volume={19},
  number={5},
  pages={513--526},
  year={2001},
  publisher={Cambridge University Press}
}
@inproceedings{reid2010real,
  title={Real-world automation: New capabilities for underground longwall mining},
  author={Reid, Peter B and Dunn, Mark T and Reid, David C and Ralston, Jonathon C},
  booktitle={Proc. Australasian Conf. Robotics and Automation 2010},
  year={2010}
}
@inproceedings{kwitowski1989computer,
  title={Computer-based, teleoperation of a new highwall mining system},
  author={Kwitowski, August J and Lewis, William H and Mayercheck, William D},
  booktitle={Robotics and Automation, 1989. Proceedings., 1989 IEEE International Conference on},
  pages={1478--1483},
  year={1989},
  organization={IEEE}
}
@article{kim2012autonomy,
  title={How autonomy impacts performance and satisfaction: Results from a study with spinal cord injured subjects using an assistive robot},
  author={Kim, Dae-Jin and Hazlett-Knudsen, Rebekah and Culver-Godfrey, Heather and Rucks, Greta and Cunningham, Tara and Portee, David and Bricout, John and Wang, Zhao and Behal, Aman},
  journal={IEEE Transactions on Systems, Man, and Cybernetics-Part A: Systems and Humans},
  volume={42},
  number={1},
  pages={2--14},
  year={2012},
  publisher={IEEE}
}

@inproceedings{baier2000benefits,
  title={Benefits of combined active stereo vision and haptic telepresence},
  author={Baier, Hubert and Buss, Martin and Freyberger, Franz and Schmidt, G{\"u}nther},
  booktitle={Intelligent Robots and Systems, 2000.(IROS 2000). Proceedings. 2000 IEEE/RSJ International Conference on},
  volume={1},
  pages={702--707},
  year={2000},
  organization={IEEE}
}

@article{mcintire2014stereoscopic,
  title={Stereoscopic 3D displays and human performance: A comprehensive review},
  author={McIntire, John P and Havig, Paul R and Geiselman, Eric E},
  journal={Displays},
  volume={35},
  number={1},
  pages={18--26},
  year={2014},
  publisher={Elsevier}
}

@article{johan2010evaluation,
  title={An Evaluation of Local Autonomy Applied to Teleoperated Vehicles in Underground Mines},
  author={Johan Larsson, Mathias Broxvall and Alessandro Saffiotti},
  journal={IEEE International Conference on Robotics and Automation},
  pages={1745--1752},
  year={2010},
  publisher={IEEE}
}

@article{kennedy1993simulator,
  title={Simulator sickness questionnaire: An enhanced method for quantifying simulator sickness},
  author={Kennedy, Robert S and Lane, Norman E and Berbaum, Kevin S and Lilienthal, Michael G},
  journal={The international journal of aviation psychology},
  volume={3},
  number={3},
  pages={203--220},
  year={1993},
  publisher={Taylor \& Francis}
}

@article{lambooij2009visual,
  title={Visual discomfort and visual fatigue of stereoscopic displays: A review},
  author={Lambooij, Marc and Fortuin, Marten and Heynderickx, Ingrid and IJsselsteijn, Wijnand},
  journal={Journal of Imaging Science and Technology},
  volume={53},
  number={3},
  pages={30201--1},
  year={2009},
  publisher={Society for Imaging Science and Technology}
}

@inproceedings{hayward1996performance,
  title={Performance measures for haptic interfaces},
  author={Hayward, Vincent and Astley, Oliver R},
  booktitle={ROBOTICS RESEARCH-INTERNATIONAL SYMPOSIUM-},
  volume={7},
  pages={195--206},
  year={1996},
  organization={MIT PRESS}
}

@inproceedings{Miller,
  doi = {10.1109/ichr.2004.1442670},
  url = {https://doi.org/10.1109/ichr.2004.1442670},
  publisher = {{IEEE}},
  author = {N. Miller and O.C. Jenkins and M. Kallmann and M.J. Mataric},
  title = {Motion capture from inertial sensing for untethered humanoid teleoperation},
  booktitle = {4th {IEEE}/{RAS} International Conference on Humanoid Robots,  2004.}
}

@article{kobayashi2016human,
  title={Human motion caption with vision and inertial sensors for hand/arm robot teleoperation},
  author={Kobayashi, Futoshi and Kitabayashi, Keiichi and Shimizu, Kai and Nakamoto, Hiroyuki and Kojima, Fumio},
  journal={International Journal of Applied Electromagnetics and Mechanics},
  volume={52},
  number={3-4},
  pages={1629--1636},
  year={2016},
  publisher={IOS Press}
}

@article{dejing2016local,
  doi = {10.1109/ICSensT.2016.7796325},
  title={Local Implicit Surface Based Virtual Fixtures in Point Cloud Virtual Environment for Teleoperation},
  author={Dejing Ni, A.Y.C. Nee, S.K. Ong, Aiguo Song},
  journal={Tenth International Conference on Sensing Technology},
  pages={1--6},
  year={2016},
  publisher={IEEE}
}

@article{moeslund2006survey,
  title={A survey of advances in vision-based human motion capture and analysis},
  author={Moeslund, Thomas B and Hilton, Adrian and Kr{\"u}ger, Volker},
  journal={Computer vision and image understanding},
  volume={104},
  number={2},
  pages={90--126},
  year={2006},
  publisher={Elsevier}
}

@inproceedings{muller2007documentation,
  title={Documentation mocap database hdm05},
  author={M{\"u}ller, Meinard and R{\"o}der, Tido and Clausen, Michael and Eberhardt, Bernhard and Kr{\"u}ger, Bj{\"o}rn and Weber, Andreas},
  year={2007},
  publisher={Citeseer},
  booktitle={Proc. Australasian Conference on Robotics and Automation}
}

@inproceedings{stanton2012teleoperation,
  title={Teleoperation of a humanoid robot using full-body motion capture, example movements, and machine learning},
  author={Stanton, Christopher and Bogdanovych, Anton and Ratanasena, Edward},
  booktitle={Proc. Australasian Conference on Robotics and Automation},
  year={2012}
}


@techreport{begault2000sound,
  title={3-D Sound for Virtual Reality and Multimedia},
  author={Begault, Durand R and Trejo, Leonard J},
  year={2000},
  organization={NASA Ames Research Center, Moffett Field, CA United States },
}

@article{moeslund2001survey,
  title={A survey of computer vision-based human motion capture},
  author={Moeslund, Thomas B and Granum, Erik},
  journal={Computer vision and image understanding},
  volume={81},
  number={3},
  pages={231--268},
  year={2001},
  publisher={Elsevier}
}

@article{Sian2005switching,
  title={A switching command-based whole-body operation method for humanoid robots},
  author={Ee Sian Neo, K. Yokoi, S. Kajita, F. Kanehiro and K. Tanie},
  journal={IEEE/ASME Transactions on Mechatronics},
  volume={10},
  pages={546--559},
  year={2005},
  publisher={IEEE Journals \& Magazines}
}
@book{earnshaw2014virtual,
  title={Virtual reality systems},
  author={Earnshaw, Rae A},
  year={2014},
  publisher={Academic press}
}

@inproceedings{kirner2007realidade,
  title={Realidade virtual e aumentada: conceitos, projeto e aplica{\c{c}}{\~o}es},
  author={Kirner, Claudio and Siscoutto, Robson},
  booktitle={Livro do IX Symposium on Virtual and Augmented Reality, Petr{\'o}polis (RJ), Porto Alegre: SBC},
  year={2007}
}
@article{zhang2017head,
  title={Head-mounted display-based intuitive virtual reality training system for the mining industry},
  author={Zhang, Hui},
  journal={International Journal of Mining Science and Technology},
  year={2017},
  publisher={Elsevier}
}

@article{azuma1997survey,
  title={A survey of augmented reality},
  author={Azuma, Ronald T},
  journal={Presence: Teleoperators and virtual environments},
  volume={6},
  number={4},
  pages={355--385},
  year={1997},
  publisher={MIT Press}
}

@article{azuma2001recent,
  title={Recent advances in augmented reality},
  author={Azuma, Ronald and Baillot, Yohan and Behringer, Reinhold and Feiner, Steven and Julier, Simon and MacIntyre, Blair},
  journal={IEEE computer graphics and applications},
  volume={21},
  number={6},
  pages={34--47},
  year={2001},
  publisher={IEEE}
}

@article{yew2017immersive,
  title={Immersive Augmented Reality Environment for the Teleoperation of Maintenance Robots},
  author={Yew, AWW and Ong, SK and Nee, AYC},
  journal={Procedia CIRP},
  volume={61},
  pages={305--310},
  year={2017},
  publisher={Elsevier}
}

@article{chintamani2010improved,
  title={Improved telemanipulator navigation during display-control misalignments using augmented reality cues},
  author={Chintamani, Keshav and Cao, Alex and Ellis, R Darin and Pandya, Abhilash K},
  journal={IEEE Transactions on Systems, Man, and Cybernetics-Part A: Systems and Humans},
  volume={40},
  number={1},
  pages={29--39},
  year={2010},
  publisher={IEEE}
}

@article{xin20113d,
  title={3D augmented reality teleoperated robot system based on dual vision},
  author={Xin, Gao and Huan, Hu and Jia, Qing-Xuan and Sun, Han-Xu and Song, Jing-Zhou},
  journal={The Journal of China Universities of Posts and Telecommunications},
  volume={18},
  number={1},
  pages={105--112},
  year={2011},
  publisher={Elsevier}
}

@article{sanchez1999virtual,
  title={Virtual environment interaction through 3D audio by blind children},
  author={S{\'a}nchez, Jaime and Lumbreras, Mauricio},
  journal={CyberPsychology \& Behavior},
  volume={2},
  number={2},
  pages={101--111},
  year={1999}
}
