@inproceedings{gupta2012cooperative,
  title={Cooperative coverage using autonomous underwater vehicles in unknown environments},
  author={Gupta, Shalabh and Hare, James and Zhou, Shengli},
  booktitle={2012 Oceans},
  pages={1--5},
  year={2012},
  organization={IEEE}
}

@inproceedings{perez2016multi,
  title={Multi-robot 3D coverage path planning for First Responders teams},
  author={Perez-imaz, H{\'e}ctor I. A. and Rezeck, Paulo A. F. and Macharet, D. G. and Campos, Mario F. M.},
  booktitle={Proceedings of IEEE International Conference on Automation Science and Engineering (CASE)},
  pages={1374--1379},
  year={2016},
  organization={IEEE}
}

@article{macharet2016autonomous,
  title={Autonomous Aeromagnetic Surveys Using a Fluxgate Magnetometer},
  author={Macharet, Douglas G and Perez-Imaz, H{\'e}ctor IA and Rezeck, Paulo AF and Potje, Guilherme A and Benyosef, Luiz CC and Wiermann, Andr{\'e} and Freitas, Gustavo M and Garcia, Luis GU and Campos, Mario FM},
  journal={Sensors},
  volume={16},
  number={12},
  pages={2169},
  year={2016},
  publisher={Multidisciplinary Digital Publishing Institute}
}

@article{di2016coverage,
  title={Coverage Path Planning for UAVs Photogrammetry with Energy and Resolution Constraints},
  author={Di Franco, Carmelo and Buttazzo, Giorgio},
  journal={Journal of Intelligent \& Robotic Systems},
  pages={1--18},
  year={2016},
  publisher={Springer}
}
@inproceedings{kennedy2014applications,
  title={Applications of nanoparticle-based fluxgate magnetometers for positioning and location},
  author={Kennedy, John and Leveneur, J{\'e}r{\^o}me and Turner, James and Futter, John and Williams, Grant VM},
  booktitle={Sensors Applications Symposium (SAS), 2014 IEEE},
  pages={228--232},
  year={2014},
  organization={IEEE}
}

@misc{kennedy2015wide,
  title={Wide Dynamic range magnetometer},
  author={Kennedy, John Vedamuthu and Leveneur, Jerome and Williams, Grant Victor Mclelland},
  year={2015},
  month=nov # "~12",
  note={US Patent 20,150,323,615}
}